<record><leader>00000cas a22000007a 4500</leader><controlfield tag="001">14219625</controlfield><controlfield tag="008">860915d19081909nvuwr ne      0    0eng d</controlfield><datafield ind1=" " ind2=" " tag="010"><subfield code="a">sn 86076381 </subfield></datafield><datafield ind1=" " ind2=" " tag="040"><subfield code="a">NNX</subfield><subfield code="b">eng</subfield><subfield code="c">NNX</subfield><subfield code="d">OCLCQ</subfield></datafield><datafield ind1=" " ind2=" " tag="042"><subfield code="a">msc</subfield></datafield><datafield ind1="0" ind2="0" tag="245"><subfield code="a">Seven Troughs district news.</subfield></datafield><datafield ind1=" " ind2=" " tag="260"><subfield code="a">Mazuma, Nev. :</subfield><subfield code="b">H.N. Riddle,</subfield><subfield code="c">1908-1909.</subfield></datafield><datafield ind1=" " ind2=" " tag="300"><subfield code="a">1 v.</subfield></datafield><datafield ind1=" " ind2=" " tag="310"><subfield code="a">Weekly</subfield></datafield><datafield ind1="0" ind2=" " tag="362"><subfield code="a">Vol. 1, no. 1 (Sept. 19, 1908)-v. 1, no. 19 (Jan. 16, 1909).</subfield></datafield><datafield ind1="8" ind2=" " tag="521"><subfield code="a">Mining.</subfield></datafield><datafield ind1=" " ind2=" " tag="752"><subfield code="a">United States</subfield><subfield code="b">Nevada</subfield><subfield code="c">Humboldt</subfield><subfield code="d">Mazuma.</subfield></datafield><datafield ind1=" " ind2=" " tag="752"><subfield code="a">United States</subfield><subfield code="b">Nevada</subfield><subfield code="c">Pershing</subfield><subfield code="d">Mazuma.</subfield></datafield><datafield ind1="0" ind2="4" tag="785"><subfield code="t">Seven Troughs miner</subfield><subfield code="w">(DLC)sn 86076404</subfield><subfield code="w">(OCoLC)14367742</subfield></datafield></record>